
@article{Sehra:2007pz,
    author = {Sehra, Avtar Singh},
    title = {Finite element analysis of the Schrodinger equation},
    eprint = {0704.3240},
    archivePrefix = {arXiv},
    primaryClass = {hep-lat},
    year = {2007}
}

@book{小柴90,
  author      = {小柴正則},
  publisher	= {森北出版},
  title          	= {光・波動のための有限要素法の基礎},
  year           	= {1990}
}